@book{koza92,
		author    = "Koza, John R.",
		title     = "Genetic Programming: On the Programming of Computers by Means of Natural Selection",
		publisher = "MIT Press",
		year      = "1992"
}


@misc{ wiki:latex,
       author = "Wikipedia",
       title = "LaTeX --- Wikipedia{,} La enciclopedia libre",
       year = "2015",
       url = "https://es.wikipedia.org/w/index.php?title=LaTeX&oldid=84209252",
       note = "[Internet; descargado 30-septiembre-2015]"
}

@misc {tool:ZenHub,
	title        = "ZenHub",
	author       = "Axiom Zen",
	organization = "Axiom Zen",
	year         = "2014",
	howpublished = "\url{https://www.zenhub.com/}"
}

@book{PythonParaTodos,
        title={Python para todos},
        author={Duque, R.G.},
        url={https://books.google.es/books?id=FPf9swEACAAJ},
        year={2016},
        publisher={mundogeek.net}
}

@misc {tool:SQLite,
	title        = "SQLite Database Engine",
	author       = "D. Richard Hipp",
	year         = "2000",
	howpublished = "\url{https://www.sqlite.org/index.html}"
}

@misc {tool:Python,
	title        = "Python Programming Language",
	author       = "Guido van Rossum",
	organization = "The Python Software Foundation",
	year         = "1991",
	howpublished = "\url{https://www.python.org/}"
}



@misc {tool:Nbgrader,
	title        = "Nbgrader",
	organization = "Project Jupyter",
	year         = "2015-2017",
	howpublished = "\url{https://nbgrader.readthedocs.io/en/stable/}"
}

 @misc {tool:Docker,
	title        = "Docker ",
	author       = "Solomon Hykes",
	organization = "	Docker, Inc",
	year         = "2013",
	howpublished = "\url{https://www.docker.com/}"
}

@misc {tool:FlaskLogin,
	title        = "Flask-Login",
	author       = "Ronacher, Armin and Lord, David and Mönnich, Adrian and Unterwaditzer, Markus",
	organization = "Pallets",
	year         = "2010",
	howpublished = "\url{https://flask-login.readthedocs.io/en/latest/}"
}

@misc {tool:JupyterNotebooks,
	title        = "Jupyter Notebooks",
	author       = "Fernando Pérez",
	organization = "Project Jupyter",
	year         = "2014 ",
	howpublished = "\url{https://jupyter.org/}"
}

@misc {tool:NbgraderAPI,
	title        = "Nbgrader",
	organization = "Project Jupyter",
	year         = "2015-2017",
	howpublished = "\url{https://nbgrader.readthedocs.io/en/stable/api/high_level_api.html}"
}


@misc {tool:Flask-SQLAlchemy,
	title        = "Flask-SQLAlchemy",
	author       = "Ronacher, Armin and Lord, David and Mönnich, Adrian and Unterwaditzer, Markus",
	organization = "Pallets",
	year         = "2010",
	howpublished = "\url{https://flask-sqlalchemy.palletsprojects.com/en/2.x/}"
}

@misc {tool:SQLAlchemy,
	title        = "SQLAlchemy",
	author       = "Michael Baye",
	organization = "MIT",
	year         = "2006",
	howpublished = "\url{ https://www.sqlalchemy.org/}"
}

 @misc {tool:Bootstrap,
	title        = "Bootstrap ",
	author       = "Jack Dorsey",
	organization = "Twitter, Inc.",
	year         = "2011",
	howpublished = "\url{https://getbootstrap.com/docs/4.0/getting-started/introduction/}"
}

@misc {tool:CSS,
	title        = "CSS - Cascading Style Sheets",
	organization = " CSS Working Group",
	year         = "1996",
	howpublished = "\url{https://www.w3.org/Style/CSS/Overview.en.html}"
}

 @misc {tool:AWS,
	title        = "AWS ",
	author       = "Amazon",
	organization = "Amazon, Inc",
	year         = "2006",
	howpublished = "\url{https://aws.amazon.com/es/ }"
}