@book{koza92,
		author    = "Koza, John R.",
		title     = "Genetic Programming: On the Programming of Computers by Means of Natural Selection",
		publisher = "MIT Press",
		year      = "1992"
}

@article{Piaget,
  title={Desarrollo Cognitivo: Las Teorías de Piaget y de Vygotsky},
  author={De Piaget, TDDC},
  journal={Recuperado de http://www. paidopsiquiatria. cat/archivos/teorias\_desarrollo\_cognitivo\_07-09\_m1. pdf},
  volume={29},
  year={2007}
}

@book{Libro:Piaget,
  title={La teoría de Piaget y la educación preescolar},
  author={Kamii, C. and DeVries, R.},
  isbn={9788477740322},
  series={Aprendizaje (Visor)},
  url={https://books.google.es/books?id=Y9YkPQAACAAJ},
  year={1991},
  publisher={Visor}
}



@misc{ wiki:latex,
       author = "Wikipedia",
       title = "LaTeX --- Wikipedia{,} La enciclopedia libre",
       year = "2015",
       url = "https://es.wikipedia.org/w/index.php?title=LaTeX&oldid=84209252",
       note = "[Internet; descargado 30-septiembre-2015]"
}


@article{bortolot2005,
  title={Estimating forest biomass using small footprint LiDAR data: An individual tree-based approach that incorporates training data},
  author={Bortolot, Zachary J and Wynne, Randolph H},
  journal={ISPRS Journal of Photogrammetry and Remote Sensing},
  volume={59},
  number={6},
  pages={342--360},
  year={2005},
  publisher={Elsevier}
}


@book{PythonParaTodos,
        title={Python para todos},
        author={Duque, R.G.},
        url={https://books.google.es/books?id=FPf9swEACAAJ},
        year={2016},
        publisher={mundogeek.net}
}


@misc {tool:Python,
	title        = "Python Programming Language",
	author       = "Guido van Rossum",
	organization = "The Python Software Foundation",
	year         = "1991",
	howpublished = "\url{https://www.python.org/}"
}

@article{MetodologiaAgile,
  title={Metodologías ágiles en el desarrollo de software},
  author={Can{\'o}s, Jos{\'e} H and Letelier, Patricio and Penad{\'e}s, M{\textordfeminine} Carmen},
  journal={Universidad Polit{\'e}cnica de Valencia, Valencia},
  pages={1--8},
  year={2003}
}

@article{ManifiestoAgile,
  title={Del manifiesto ágil sus valores y principios},
  author={Uribe, Eliecer Herrera and Ayala, Luz Estela Valencia},
  journal={Scientia et technica},
  volume={13},
  number={34},
  pages={381--386},
  year={2007},
  publisher={Universidad Tecnológica de Pereira}
}

@misc {tool:GitHub,
	title        = "GitHub",
	author       = "Tom Preston-Werner,Chris Wanstrath,PJ Hyett",
	organization = "GitHub Inc. Microsoft",
	year         = "2007",
	howpublished = "\url{https://github.com/}"
}


@misc {tool:ZenHub,
	title        = "ZenHub",
	author       = "Axiom Zen",
	organization = "Axiom Zen",
	year         = "2014",
	howpublished = "\url{https://www.zenhub.com/}"
}


@misc {tool:Flask,
	title        = "Flask",
	author       = "Ronacher, Armin and Lord, David and Mönnich, Adrian and Unterwaditzer, Markus",
	organization = "Pallets",
	year         = "2010",
	howpublished = "\url{http://flask.pocoo.org/docs/1.0/}"
}

@misc {tool:FlaskLogin,
	title        = "Flask-Login",
	author       = "Ronacher, Armin and Lord, David and Mönnich, Adrian and Unterwaditzer, Markus",
	organization = "Pallets",
	year         = "2010",
	howpublished = "\url{https://flask-login.readthedocs.io/en/latest/}"
}

@misc {tool:Flask-SQLAlchemy,
	title        = "Flask-SQLAlchemy",
	author       = "Ronacher, Armin and Lord, David and Mönnich, Adrian and Unterwaditzer, Markus",
	organization = "Pallets",
	year         = "2010",
	howpublished = "\url{https://flask-sqlalchemy.palletsprojects.com/en/2.x/}"
}

@misc {tool:SQLAlchemy,
	title        = "SQLAlchemy",
	author       = "Michael Baye",
	organization = "MIT",
	year         = "2006",
	howpublished = "\url{ https://www.sqlalchemy.org/}"
}

@misc {tool:SQLite,
	title        = "SQLite Database Engine",
	author       = "D. Richard Hipp",
	year         = "2000",
	howpublished = "\url{https://www.sqlite.org/index.html}"
}

@misc {tool:Flask-Migrate,
	title        = "Flask-Migrate ",
	author       = "Ronacher, Armin and Lord, David and Mönnich, Adrian and Unterwaditzer, Markus",
	organization = "Pallets",
	year         = "2010",
	howpublished = "\url{https://flask-migrate.readthedocs.io/en/latest/}"
}


@misc {tool:WTForms,
	title        = "WTForms",
	author       = "Guido van Rossum",
	organization = "The Python Software Foundation",
	year         = "2008",
	howpublished = "\url{https://wtforms.readthedocs.io/en/3.0.x/}"
}

@misc {tool:Flask-WTForms,
	title        = "WTForms usage with Flask",
	author       = "Ronacher, Armin and Lord, David and Mönnich, Adrian and Unterwaditzer, Markus",
	organization = "Pallets",
	year         = "2010",
	howpublished = "\url{https://flask-wtf.readthedocs.io/en/1.0.x/}"
}


@misc {tool:Nbgrader,
	title        = "Nbgrader",
	organization = "Project Jupyter",
	year         = "2015-2017",
	howpublished = "\url{https://nbgrader.readthedocs.io/en/stable/}"
}

@misc {tool:NbgraderAPI,
	title        = "Nbgrader",
	organization = "Project Jupyter",
	year         = "2015-2017",
	howpublished = "\url{https://nbgrader.readthedocs.io/en/stable/api/high_level_api.html}"
}

@misc {tool:JupyterNotebooks,
	title        = "Jupyter Notebooks",
	author       = "Fernando Pérez",
	organization = "Project Jupyter",
	year         = "2014 ",
	howpublished = "\url{https://jupyter.org/}"
}


@misc {tool:HTML,
	title        = "HTML5 - HyperText Markup Language",
	author       = "Tim Berners-Lee",
	organization = " CERN",
	year         = "1993",
	howpublished = "\url{https://html.com/}"
}


@misc {tool:CSS,
	title        = "CSS - Cascading Style Sheets",
	organization = " CSS Working Group",
	year         = "1996",
	howpublished = "\url{https://www.w3.org/Style/CSS/Overview.en.html}"
}
 
 
 @misc {tool:JavaScript,
	title        = "JavaScript			",
	author       = "Brendan Eich",
	organization = "Netscape Communications, Fundación Mozilla",
	year         = "1995",
	howpublished = "\url{https://www.javascript.com/}"
}

 @misc {tool:FlaskTutorial,
	title        = "Tutorial Flask por Juan José Lozano Gómez",
	author       = "Juan José Lozano Gómez",
	organization = "J2logo",
	year         = "2018",
	howpublished = "\url{https://j2logo.com/tutorial-flask-espanol/}"
}

 @misc {tool:Bootstrap,
	title        = "Bootstrap ",
	author       = "Jack Dorsey",
	organization = "Twitter, Inc.",
	year         = "2011",
	howpublished = "\url{https://getbootstrap.com/docs/4.0/getting-started/introduction/}"
}

 @misc {tool:Virtualenv,
	title        = "Virtualenv ",
	author       = "Ian Bicking",
	organization = "The Python Software Foundation",
	year         = "2012",
	howpublished = "\url{https://virtualenv.pypa.io/en/latest/}"
}

 @misc {tool:Docker,
	title        = "Docker ",
	author       = "Solomon Hykes",
	organization = "	Docker, Inc",
	year         = "2013",
	howpublished = "\url{https://www.docker.com/}"
}

 @misc {tool:AWS,
	title        = "AWS ",
	author       = "Amazon",
	organization = "Amazon, Inc",
	year         = "2006",
	howpublished = "\url{https://aws.amazon.com/es/ }"
}

 @misc {tool:CodeGrade,
	title        = "CodeGrade",
	organization = "University of Amsterdam",
	year         = "2021",
	howpublished = "\url{https://www.codegrade.com/}"
}

 @misc {tool:CodingRooms,
	title        = "CodingRooms ",
	organization = "EXL Inc.",
	year         = "2017",
	howpublished = "\url{https://www.codingrooms.com/}"
}

 @misc {tool:Otter-Grader,
	title        = "Otter-Grader",
	organization = " Data Science Education Program at UC",
	year         = "2019",
	howpublished = "\url{https://otter-grader.readthedocs.io/en/latest/}"
}

 @misc {tool:CS41Autograder,
	title        = "CS 41 Autograder",
	organization = "Stanford University",
	year         = "2021",
	howpublished = "\url{https://github.com/stanfordpython/autograder}"
}

 @misc {tool:Codequiry,
	title        = "Codequiry ",
	organization = "Codequiry Organization",
	year         = "2021",
	howpublished = "\url{https://codequiry.com/}"
}


 @misc {tool:CodequiryAutograding,
	title        = "Codequiry  - Autograding",
	organization = "Codequiry Organization",
	year         = "2021",
	howpublished = "\url{https://codequiry.com/auto-grading-programming}"
}



 @misc {tool:Codio,
	title        = "Codio",
	organization = "Codio Organization",
	year         = "2022",
	howpublished = "\url{https://www.codio.com/}"
}

 @misc {tool:CodioAutograding,
	title        = "Codio - Autograding",
	organization = "Codio Organization",
	year         = "2022",
	howpublished = "\url{https://www.codio.com/features/auto-grading}"
}



 @misc {tool:ASys,
	title        = "ASys",
	organization = "Universitat Politècnica de València",
	year         = "2014",
	howpublished = "\url{http://personales.upv.es/josilga/ASys/about.html}"
}


 @misc {MeritxellSaezPovedano,
	title        = "Desarrollo de un Sistema de Corrección Automática de Programas en Haskel",
	author       = "Meritxell Sáez Povedano",
	organization = "Universitat Politècnica de València",
	year         = "2016",
	howpublished = "\url{https://riunet.upv.es/handle/10251/72442?show=full}"
}

 @misc {AlvaroVazquez,
	title        = "Aplicación web para el análisis automático de prácticas realizadas en el lenguaje Java",
	author       = "Álvaro Vázquez",
	organization = "Universidad de Burgos",
	year         = "2016",
	howpublished = "\url{https://github.com/avg0043/TFG_Autocorrecc_Java}"
}




 @misc {Moodle,
	title        = "Plataforma de gestión de aprendizaje Moodle",
	author       = "Martin Dougiamas",
	year         = " 2002",
	howpublished = "\url{https://moodle.org/?lang=es}"
}

@article{EnsenanzaAprendizaje,
  title={Elementos conceptuales básicos del proceso de enseñaanza-aprendizaje},
  author={Alfonso Sánchez, Ileana},
  journal={Acimed},
  volume={11},
  number={6},
  pages={0--0},
  year={2003},
  publisher={2000, Editorial Ciencias Médicas}
}